<?xml version="1.0" encoding="UTF-8"?><collection xmlns="http://www.loc.gov/MARC21/slim"><record><leader>00617nam--2200157-i-4500</leader><controlfield tag="001">000033452</controlfield><controlfield tag="002">20161230</controlfield><controlfield tag="005">20170116230959</controlfield><controlfield tag="008">060222s1000------------r-----000-0-eng-d</controlfield><datafield ind1="1" ind2=" " tag="100"><subfield code="a">Abraham, Ralph H</subfield></datafield><datafield ind1="1" ind2="0" tag="245"><subfield code="a">Foundations of mechanics</subfield><subfield code="b">A mathematical exposition of classical mechanics with an introduction to the qualitative theory of dynamical systems and applications to the three-body problem</subfield><subfield code="c">Ralph Abraham, Jerold E. Marsden</subfield></datafield><datafield ind1=" " ind2=" " tag="260"><subfield code="a">New York</subfield><subfield code="b">W.A. Benjamin, Inc</subfield><subfield code="c">1967</subfield></datafield><datafield ind1=" " ind2=" " tag="300"><subfield code="a">IX+296 p</subfield></datafield><datafield ind1=" " ind2=" " tag="490"><subfield code="a">The Mathematical Physics Monograph Series</subfield></datafield><datafield ind1=" " ind2=" " tag="852"><subfield code="a">27384</subfield><subfield code="c">531</subfield></datafield><datafield ind1=" " ind2=" " tag="CAT"><subfield code="a">SYS</subfield><subfield code="c">20170116</subfield><subfield code="h">230959</subfield></datafield></record></collection>